<?xml version="1.0" encoding="UTF-8"?><collection xmlns="http://www.loc.gov/MARC21/slim"><record><leader>00402nam--2200133-i-4500</leader><controlfield tag="001">000012928</controlfield><controlfield tag="002">20161230</controlfield><controlfield tag="005">20161230201030</controlfield><controlfield tag="008">060222s1000------------r-----000-0-eng-d</controlfield><datafield ind1=" " ind2=" " tag="080"><subfield code="a">621.1:621.4(075.4.8)</subfield></datafield><datafield ind1=" " ind2=" " tag="100"><subfield code="a">Apostolescu, Nicolae Si Taraza, Dinu</subfield></datafield><datafield ind1=" " ind2=" " tag="245"><subfield code="a">Bazele cercetarii experimentale a masinilor termice</subfield></datafield><datafield ind1=" " ind2=" " tag="260"><subfield code="a">Bucuresti, Editura Dsidactica Si Pedagogica, 1979. 509 P</subfield></datafield><datafield ind1=" " ind2=" " tag="852"><subfield code="a">46732</subfield></datafield></record></collection>